<record><leader>00000cas a22000007a 4500</leader><controlfield tag="001">9756162</controlfield><controlfield tag="008">830730d18371838ohudn ne      0    0eng d</controlfield><controlfield tag="009">3783</controlfield><datafield ind1=" " ind2=" " tag="010"><subfield code="a">sn 83035393 </subfield></datafield><datafield ind1=" " ind2=" " tag="040"><subfield code="a">NPY</subfield><subfield code="b">eng</subfield><subfield code="c">NPY</subfield><subfield code="d">DLC</subfield><subfield code="d">ONP</subfield></datafield><datafield ind1="1" ind2=" " tag="029"><subfield code="a">AU@</subfield><subfield code="b">000025841096</subfield></datafield><datafield ind1=" " ind2=" " tag="042"><subfield code="a">msc</subfield></datafield><datafield ind1="0" ind2="0" tag="245"><subfield code="a">Cleveland daily advertiser.</subfield></datafield><datafield ind1="0" ind2="0" tag="246"><subfield code="a">Daily advertiser</subfield></datafield><datafield ind1=" " ind2=" " tag="260"><subfield code="a">Cleveland, [Ohio] :</subfield><subfield code="b">Canfield &amp; Spencer,</subfield><subfield code="c">1837-</subfield></datafield><datafield ind1=" " ind2=" " tag="300"><subfield code="a">v. ;</subfield><subfield code="c">50 cm.</subfield></datafield><datafield ind1=" " ind2=" " tag="310"><subfield code="a">Daily (except Sun.)</subfield></datafield><datafield ind1="0" ind2=" " tag="362"><subfield code="a">Vol. 1, no. 256 (May 4, 1837)-</subfield></datafield><datafield ind1="1" ind2=" " tag="362"><subfield code="a">Ceased in Mar. 1838?</subfield><subfield code="z">Cf. Gutgessel, S.  Guide to Ohio newspapers, 1974.</subfield></datafield><datafield ind1=" " ind2=" " tag="500"><subfield code="a">"Democratic." Cf. Gutgesell, S.  Guide to Ohio newspapers, 1974.</subfield></datafield><datafield ind1=" " ind2=" " tag="500"><subfield code="a">Publishers: Canfield &amp; Spencer, May 4, 1837-Oct. 24, 1837; Spencer &amp; Curtis, Oct. 25, 1837-Mar. 23, 1838.</subfield></datafield><datafield ind1="1" ind2=" " tag="700"><subfield code="a">Canfield, Horace.</subfield></datafield><datafield ind1="1" ind2=" " tag="700"><subfield code="a">Spencer, Timothy P.,</subfield><subfield code="d">1811-1885.</subfield></datafield><datafield ind1="1" ind2=" " tag="700"><subfield code="a">Curtis, A. H.</subfield></datafield><datafield ind1=" " ind2=" " tag="752"><subfield code="a">United States</subfield><subfield code="b">Ohio</subfield><subfield code="c">Cuyahoga</subfield><subfield code="d">Cleveland.</subfield></datafield><datafield ind1="0" ind2=" " tag="775"><subfield code="t">Cleveland weekly advertiser</subfield><subfield code="w">(DLC)sn 83035395</subfield></datafield><datafield ind1="0" ind2="0" tag="780"><subfield code="t">Daily advertiser (Cleveland, Ohio : 1836)</subfield><subfield code="w">(DLC)sn 83035392</subfield></datafield></record>